@online{elm-modules,
    url={https://guide.elm-lang.org/webapps/modules.html},
    title={Modules},
    author={{Czaplicki, Evan}}
}

@online{elm-style,
    url={https://elm-lang.org/docs/style-guide},
    title={Style guide},
    author={{Czaplicki, Evan}}
}

@online{elm,
    url={https://elm-lang.org/},
    title={Elm},
    author={{Czaplicki, Evan}}
}

@online{purview,
    url={https://www.microsoft.com/nl-nl/security/business/microsoft-purview},
    title={Unified Data Governance with Microsoft Purview: Microsoft Azure}
}

@online{blue-dolphin,
    url={https://valueblue.com/en/uc/data-management/},
    title={Data management - valueblue}
}

@online{purescript,
    url={https://www.purescript.org/},
    title={purescript},
    author={{Freeman, Phil}}
}