@online{elm-modules,
    url={https://guide.elm-lang.org/webapps/modules.html},
    title={Modules},
    author={{Czaplicki, Evan}}
}

@online{elm-style,
    url={https://elm-lang.org/docs/style-guide},
    title={Style guide},
    author={{Czaplicki, Evan}}
}

@online{elm,
    url={https://elm-lang.org/},
    title={Elm},
    author={{Czaplicki, Evan}}
}

@online{purview,
    url={https://elm-lang.org/},
    title={Unified Data Governance with Microsoft Purview: Microsoft Azure}
}