@online{elm-modules,
    url={https://guide.elm-lang.org/webapps/modules.html},
    title={Modules},
    author={{Czaplicki, Evan}}
}

@online{elm-style,
    url={https://elm-lang.org/docs/style-guide},
    title={Style guide},
    author={{Czaplicki, Evan}}
}

@online{elm,
    url={https://elm-lang.org/},
    title={Elm},
    author={{Czaplicki, Evan}}
}

@online{purview,
    url={https://www.microsoft.com/nl-nl/security/business/microsoft-purview},
    title={Unified Data Governance with Microsoft Purview: Microsoft Azure}
}

@online{blue-dolphin,
    url={https://valueblue.com/en/uc/data-management/},
    title={Data management - valueblue}
}

@online{purescript,
    url={https://www.purescript.org/},
    title={purescript},
    author={{Freeman, Phil}}
}

@online{elm-review,
    url={https://package.elm-lang.org/packages/jfmengels/elm-review/latest/},
    title={elm-review},
    author={{Mengels, JF}}
}

@online{proj-elm-review,
    url={https://github.com/MartijnCBV/INNO/tree/master/frontend/review},
    title={Project repo - elm-review},
    author={{Voorwinden, Martijn}}
}

@online{elm-review-template,
    url={https://github.com/jfmengels/elm-review-config/tree/master/application},
    title={application template - elm-review},
    author={{Mengels, JF}}
}

@online{python,
    url={https://www.python.org/},
    title={Python}
}

@online{purview-python,
    url={https://learn.microsoft.com/en-us/azure/purview/tutorial-using-python-sdk},
    title={Purview Python SDK}
}

@online{typescript,
    url={https://www.typescriptlang.org/},
    title={TypeScript}
}